@online{262588213843476HowGetTelegram,
  title = {How to Get {{Telegram Bot Chat ID}}},
  author = {262588213843476},
  url = {https://gist.github.com/nafiesl/4ad622f344cd1dc3bb1ecbe468ff9f8a},
  urldate = {2024-11-25},
  abstract = {How to get Telegram Bot Chat ID. GitHub Gist: instantly share code, notes, and snippets.},
  langid = {english},
  organization = {Gist},
  file = {/Users/ipogiba/Zotero/storage/5FFJSTUX/4ad622f344cd1dc3bb1ecbe468ff9f8a.html}
}

@online{adminDatchikOsveshchennostiTEMT60002022,
  title = {Датчик освещенности TEMT6000 | arduinoLab},
  author = {{admin}},
  date = {2022-08-19},
  url = {https://arduinolab.pw/index.php/2022/08/19/datchik-osveshhennosti-temt6000/},
  urldate = {2024-11-23},
  langid = {russian},
  file = {/Users/ipogiba/Zotero/storage/DASXZ6DJ/datchik-osveshhennosti-temt6000.html}
}

@online{AlertRulesAlerting,
  title = {Alert Rules - {{Alerting}} - {{Grafana}}},
  url = {http://vm4481772.25ssd.had.wf:3000/alerting/list},
  urldate = {2024-11-25},
  file = {/Users/ipogiba/Zotero/storage/ASVWR7X5/list.html}
}

@online{DHT11TemperatureHumiditySensor,
  title = {{{DHT11 Temperature-Humidity Sensor}}, {{Датчик}} Температуры и Влажности На Базе {{DHT11}}, Цифровой Выход, {{Waveshare}} | Купить в Розницу и Оптом},
  url = {https://www.chipdip.ru/product/temperature-humidity-sensor},
  urldate = {2024-11-23},
  file = {/Users/ipogiba/Zotero/storage/JT9F734X/temperature-humidity-sensor.html}
}

@online{ESPIDFCLion,
  title = {{{ESP-IDF}} | {{CLion}}},
  url = {https://www.jetbrains.com/help/clion/esp-idf.html},
  urldate = {2024-11-23},
  langid = {american},
  organization = {CLion Help},
  file = {/Users/ipogiba/Zotero/storage/W9GSLU2H/esp-idf.html}
}

@online{GetStartedESP32,
  title = {Get Started - {{ESP32}} - — {{ESP-IDF}} Programming Guide v5.2.3 Documentation},
  url = {https://docs.espressif.com/projects/esp-idf/en/stable/esp32/get-started/index.html},
  urldate = {2024-11-22},
  file = {/Users/ipogiba/Zotero/storage/YV8W7W4N/index.html}
}

@online{GrafanaOSSEnterprise,
  title = {Grafana {{OSS}} and {{Enterprise}} | {{Grafana}} Documentation},
  url = {https://grafana.com/docs/grafana/latest/},
  urldate = {2024-11-23},
  abstract = {Find answers to your technical questions and learn how to use Grafana OSS and Enterprise products.},
  langid = {english},
  organization = {Grafana Labs},
  file = {/Users/ipogiba/Zotero/storage/X6364DAV/latest.html}
}

@online{GuideSoilMoisture2016,
  title = {Guide for {{Soil Moisture Sensor YL-69}} or {{HL-69}} with the {{Arduino}} | {{Random Nerd Tutorials}}},
  date = {2016-07-14T11:56:03+00:00},
  url = {https://randomnerdtutorials.com/guide-for-soil-moisture-sensor-yl-69-or-hl-69-with-the-arduino/},
  urldate = {2024-11-23},
  abstract = {The soil moisture sensor or the hygrometer is usually used to detect the humidity of the soil. So, it is perfect to build an automatic watering system},
  langid = {american}
}

@online{HowBuiltMonitoring,
  title = {How {{I}} Built a Monitoring System for My Avocado Plant with {{Arduino}} and {{Grafana Cloud}} | {{Grafana Labs}}},
  url = {https://grafana.com/blog/2021/03/08/how-i-built-a-monitoring-system-for-my-avocado-plant-with-arduino-and-grafana-cloud/#step-3-create-a-program},
  urldate = {2024-11-23}
}

@online{KpetremannMqttexporterSimple,
  title = {Kpetremann/Mqtt-Exporter: {{Simple}} Generic {{MQTT Prometheus}} Exporter for {{IoT}} Working out of the Box},
  url = {https://github.com/kpetremann/mqtt-exporter},
  urldate = {2024-11-23}
}

@online{MQTTStandardIoT,
  title = {{{MQTT}} - {{The Standard}} for {{IoT Messaging}}},
  url = {https://mqtt.org/},
  urldate = {2024-11-23},
  file = {/Users/ipogiba/Zotero/storage/QLJY3CGV/mqtt.org.html}
}

@online{ndunguInstallMosquittoMQTT,
  title = {Install {{Mosquitto MQTT Broker On Ubuntu}} 20.04 {{Server}} | {{Vultr Docs}}},
  author = {Ndungu, Francis},
  url = {https://docs.vultr.com/install-mosquitto-mqtt-broker-on-ubuntu-20-04-server},
  urldate = {2024-11-25},
  langid = {english},
  file = {/Users/ipogiba/Zotero/storage/34NFPCNR/install-mosquitto-mqtt-broker-on-ubuntu-20-04-server.html}
}

@online{nordquistMQTTExplorer,
  title = {{{MQTT Explorer}}},
  author = {Nordquist, Thomas},
  url = {http://mqtt-explorer.com/},
  urldate = {2024-11-25},
  abstract = {An all-round MQTT client that provides a structured topic overview},
  langid = {american},
  organization = {MQTT Explorer},
  file = {/Users/ipogiba/Zotero/storage/X3RMPKKQ/mqtt-explorer.com.html}
}

@online{OverviewPrometheus,
  title = {Overview | {{Prometheus}}},
  url = {https://prometheus.io/docs/introduction/overview/},
  urldate = {2024-11-23}
}

@software{petremannKpetremannMqttexporter2024,
  title = {Kpetremann/Mqtt-Exporter},
  author = {Petremann, Kevin},
  date = {2024-11-08T06:26:38Z},
  origdate = {2019-07-27T19:15:10Z},
  url = {https://github.com/kpetremann/mqtt-exporter},
  urldate = {2024-11-23},
  abstract = {Simple generic MQTT Prometheus exporter for IoT working out of the box},
  keywords = {esphome,hubitat,mqtt,prometheus,prometheus-exporter,zigbee2mqtt,zwavejs2mqtt}
}

@online{Plantmonitoringalerts,
  title = {Plant-Monitoring-Alerts},
  url = {https://t.me/plant_monitoring_alerts_bot},
  urldate = {2024-11-25},
  abstract = {You can contact @plant\_monitoring\_alerts\_bot right away.},
  organization = {Telegram},
  file = {/Users/ipogiba/Zotero/storage/5XC2BD37/plant_monitoring_alerts_bot.html}
}

@online{PlantmonitoringDashboardsGrafana,
  title = {Plant-Monitoring - {{Dashboards}} - {{Grafana}}},
  url = {http://vm4481772.25ssd.had.wf:3000/d/ce3f4anwhavpce/plant-monitoring?from=now-5m&to=now&timezone=browser},
  urldate = {2024-11-25},
  file = {/Users/ipogiba/Zotero/storage/QFECCW3N/plant-monitoring.html}
}

@online{PlantmonitoringDashboardsGrafanaa,
  title = {Plant-Monitoring - {{Dashboards}} - {{Grafana}}},
  url = {http://vm4481772.25ssd.had.wf:3000/d/ce3f4anwhavpce/plant-monitoring?from=now-5m&to=now&timezone=browser},
  urldate = {2024-11-25}
}

@online{ProooooogibaPlant_monitoring,
  title = {Proooooogiba/Plant\_monitoring},
  url = {https://github.com/proooooogiba/plant_monitoring},
  urldate = {2024-11-25},
  abstract = {Contribute to proooooogiba/plant\_monitoring development by creating an account on GitHub.},
  langid = {english},
  organization = {GitHub}
}

@online{styopaChtoTakoePromQL2023,
  title = {Что такое PromQL и как с ним работать},
  author = {Стёпа, Миронов},
  date = {2023-12-07T12:46:02+03:00},
  url = {https://timeweb.com/ru/community/articles/chto-takoe-promql-i-kak-s-nim-rabotat},
  urldate = {2024-11-25},
  abstract = {В этом гайде мы погрузимся в основы языка запросов Prometheus Query Language (PromQL), разберем его синтаксис и научимся составлять эффективные запросы для мониторинга и анализа данных.},
  langid = {russian},
  file = {/Users/ipogiba/Zotero/storage/2WWQBPG3/chto-takoe-promql-i-kak-s-nim-rabotat.html}
}

@online{TelegramMessageTemplate,
  title = {Telegram Message Template for {{Alertmanager}} \& How to Add It to Your Receiver in Alertmanager.Yml},
  url = {https://gist.github.com/sanchpet/7641275a42243d3667b3146c5402be40},
  urldate = {2024-11-25},
  file = {/Users/ipogiba/Zotero/storage/QLRKTXBV/7641275a42243d3667b3146c5402be40.html}
}

@online{UltrazvukovoyDalnomerHCSR04,
  title = {Ультразвуковой дальномер HC-SR04},
  url = {https://amperka.ru/product/hc-sr04-ultrasonic-sensor-distance-module},
  urldate = {2024-11-23},
  abstract = {Ультразвуковой дальномер HC-SR04 определяет расстояние до объектов по отражённому звуковому сигналу. Описание, характеристики, цена и фото на сайте.},
  langid = {russian}
}
